<?xml version="1.0" encoding="UTF-8"?><collection xmlns="http://www.loc.gov/MARC21/slim"><record><leader>00541nam--2200181-u-4500</leader><controlfield tag="001">000053908</controlfield><controlfield tag="002">20161230</controlfield><controlfield tag="005">20161230201051</controlfield><controlfield tag="008">110705s1000------------r-----000-0-eng-d</controlfield><datafield ind1=" " ind2=" " tag="040"><subfield code="a">IFIN-HH</subfield></datafield><datafield ind1=" " ind2=" " tag="080"><subfield code="a">537.8(043)</subfield></datafield><datafield ind1="1" ind2=" " tag="100"><subfield code="a">Kawaguchi, T</subfield></datafield><datafield ind1="1" ind2="0" tag="245"><subfield code="a">Teoria campului electromagnetic si aplicatii in inginerie</subfield><subfield code="b">Rezumatul tezei</subfield><subfield code="c">T. kawaguchi</subfield></datafield><datafield ind1=" " ind2=" " tag="260"><subfield code="a">Iasi</subfield><subfield code="b">Universitatea Al.I.Cuza</subfield><subfield code="c">1991</subfield></datafield><datafield ind1=" " ind2=" " tag="300"><subfield code="a">23P</subfield></datafield><datafield ind1=" " ind2=" " tag="502"><subfield code="a">Conducator Stiintific: Prof.Dr.Ing. Dumitru Sandu</subfield></datafield><datafield ind1=" " ind2=" " tag="852"><subfield code="a">79833</subfield><subfield code="c">537:538</subfield></datafield><datafield ind1=" " ind2=" " tag="CAT"><subfield code="a">Sys</subfield><subfield code="c">20110705</subfield><subfield code="h">101358</subfield></datafield></record></collection>